<record><leader>00000cas a22000007a 4500</leader><controlfield tag="001">23161228</controlfield><controlfield tag="008">910227d19701971mnuwr ne      0    0eng d</controlfield><datafield ind1=" " ind2=" " tag="010"><subfield code="a">sn 90057505 </subfield></datafield><datafield ind1=" " ind2=" " tag="040"><subfield code="a">MN#</subfield><subfield code="b">eng</subfield><subfield code="c">MN#</subfield><subfield code="d">OCLCQ</subfield><subfield code="d">OCLCF</subfield><subfield code="d">OCLCO</subfield></datafield><datafield ind1=" " ind2=" " tag="042"><subfield code="a">msc</subfield></datafield><datafield ind1=" " ind2=" " tag="043"><subfield code="a">n-us-mn</subfield></datafield><datafield ind1=" " ind2=" " tag="052"><subfield code="a">4144</subfield><subfield code="b">M7</subfield></datafield><datafield ind1=" " ind2=" " tag="052"><subfield code="a">4143</subfield><subfield code="b">C5</subfield></datafield><datafield ind1="0" ind2="0" tag="245"><subfield code="a">Moorhead independent news.</subfield></datafield><datafield ind1=" " ind2=" " tag="260"><subfield code="a">Moorhead, Minn. :</subfield><subfield code="b">Students of Moorhead State College,</subfield><subfield code="c">1970-1971.</subfield></datafield><datafield ind1=" " ind2=" " tag="300"><subfield code="a">1 v.</subfield></datafield><datafield ind1=" " ind2=" " tag="310"><subfield code="a">Weekly</subfield></datafield><datafield ind1="0" ind2=" " tag="362"><subfield code="a">Vol. 1, no. 1 (Sept. 17, 1970)-v. 1, no. 20 (Mar. 11, 1971).</subfield></datafield><datafield ind1=" " ind2=" " tag="530"><subfield code="a">Available on microfilm from the Minnesota Historical Society.</subfield></datafield><datafield ind1="2" ind2="0" tag="610"><subfield code="a">Moorhead State College</subfield><subfield code="v">Periodicals.</subfield></datafield><datafield ind1=" " ind2="0" tag="650"><subfield code="a">Schools</subfield><subfield code="z">Minnesota</subfield><subfield code="z">Moorhead</subfield><subfield code="v">Periodicals.</subfield></datafield><datafield ind1=" " ind2="0" tag="650"><subfield code="a">Universities and colleges</subfield><subfield code="z">Minnesota</subfield><subfield code="z">Moorhead</subfield><subfield code="v">Periodicals.</subfield></datafield><datafield ind1=" " ind2="7" tag="655"><subfield code="a">Periodicals.</subfield><subfield code="2">fast</subfield><subfield code="0">(OCoLC)fst01411641</subfield></datafield><datafield ind1="2" ind2="7" tag="610"><subfield code="a">Moorhead State College.</subfield><subfield code="2">fast</subfield><subfield code="0">(OCoLC)fst00624073</subfield></datafield><datafield ind1=" " ind2="7" tag="650"><subfield code="a">Schools.</subfield><subfield code="2">fast</subfield><subfield code="0">(OCoLC)fst01107958</subfield></datafield><datafield ind1=" " ind2="7" tag="650"><subfield code="a">Universities and colleges.</subfield><subfield code="2">fast</subfield><subfield code="0">(OCoLC)fst01161597</subfield></datafield><datafield ind1=" " ind2="7" tag="651"><subfield code="a">Minnesota</subfield><subfield code="z">Moorhead.</subfield><subfield code="2">fast</subfield><subfield code="0">(OCoLC)fst01208413</subfield></datafield><datafield ind1="2" ind2=" " tag="710"><subfield code="a">Moorhead State College.</subfield></datafield><datafield ind1="0" ind2="0" tag="785"><subfield code="t">Paper (Fargo, N.D.)</subfield><subfield code="w">(DLC)sn 90057506</subfield></datafield></record>